@article{tamq,
    author    = "Davis, F.D.",
    title     = "Perceived Usefulness, Perceived Ease of Use, and User Acceptance of Information Technology",
    year      = "1989",
    journal   = "MIS Quarterly",
    volume    = "13",
    number    = "3",
    pages     = "319--340",
    doi       = {10.2307/249008}
}
@article{mixedmethods,
    author    = "Schoonenboom, J.",
    title     = "Points of addition and points of integration: Why oine point of interface is not enough",
    year      = "2014",
    pages     = "1--13"
}
@article{tam,
    author    = "Davis, F.D. and Bagozzi, R.P. and Warshaw, P.R.",
    title     = "User Acceptance of Computer Technology: A Comparison of Two Theoretical Models",
    year      = "1989",
    journal   = "Management Science",
    volume    = "35",
    number    = "8",
    pages     = "982--1003",
    doi       = {10.1287/mnsc.35.8.982}
}
@article{moore,
    author    = "Moore, J. and North, C. and Johri, A. and Paretti, M.",
    title     = "Effectiveness of Adaptive Concept Maps for Promoting Conceptual Understanding: Findings from a Design-Based Case Study of a Learner-Centered Tool",
    year      = "2015",
    journal   = "Advances in Engineering Education",
    volume    = "4",
    number    = "4",
    pages     = "1--35"
}
@article{tzeng,
    author    = "Tzeng, J.",
    title     = "Designs of concept maps and their impacts on readers' perfomance in memory and reasoning while reading",
    year      = "2010",
    journal   = "JOurnal of Research in Reading",
    volume    = "33",
    number    = "2",
    pages     = "128--147",
    doi       = {10.1111/j.1467-9817.2009.01404.x}
}
@article{xue,
    author    = "Xue, Gui and Mei, Leilei and Chen, Chuansheng and Lu, Zhong-Lin and Poldrack, Russell and Dong, Qi",
    title     = "Spaced Learning Enhances Subsequent Recognition Memory by Reducing Neural Repetition Suppression",
    year      = "2011",
    journal   = "Journal of Cognitive Neuroscience",
    volume    = "23",
    number    = "7",
    pages     = "1624--1633"
}
@article{siegel,
    author    = "Siegel, Lynn L. and Kahana, Michael J.",
    title     = "A Retrieved Context Account of Spacing and Repetition Effects in Free Recall",
    year      = "2014",
    journal   = "Journal of Experimental Psychology: Learning, Memory, and Cognition",
    volume    = "40",
    number    = "3",
    pages     = "755--764"
}
@article{logan,
    author    = "Logan, J.M. and Castel, A.D. and Haber, S. and Viehman, E.J.",
    title     = "Metacognition and the spacing effect: the role of repetition, feedback, and instruction on judgments of learning for massed and spaced rehearsal",
    year      = "2012",
    journal   = "Metacognition Learning",
    volume    = "7",
    pages     = "175--195",
    doi       = {10.1007/s11409-012-9090-3}
}
@article{verkoeijen,
    author    = "Verkoeijen, P.P.J.L. and Delaney, P.F.",
    title     = "Rote rehearsal and spacing effects in the free recall of pure and mixed lists",
    year      = "2008",
    journal   = "Journal of Memory and Language",
    volume    = "58",
    pages     = "35--47",
    doi       = {10.1016/j.jml.2007.07.006}
}
@proceedings{microlearning,
    author    = "Edge, D. and Fitchett, S. and Whitney, M. and Landay, J.",
    title     = "MemReflex: Adaptive Flashcards for Mobile Microlearning",
    year      = "2012",
    journal   = "MobileHCI 12 Proceedings of the 14th international conference on Human-computer interaction with mobile devices and services",
    pages     = "431--440",
    doi       = {10.1145/2371574.2371641}
}
@article{kornell,
    author    = "Kornell, N. and Bjork, R.A.",
    title     = "Optimising self-regulated study: The benefits - and costs - of dropping flashcards",
    year      = "2008",
    journal   = "Memory",
    volume    = "16",
    number    = "2",
    pages     = "125--136"
}
@proceedings{hulstijn,
    author    = "Hulstijn, J.H.",
    title     = "Intentional and incidental second-language vocabulary learning: A reappraisal of elaboration, rehearsal and automaticity",
    year      = "2001",
    publisher = "Cambridge University Press"
}
@article{mccullough,
    author    = "iMcCullough, C.",
    title     = "Flash cards - The opiate of the reading program?",
    year      = "1955",
    journal   = "Elementary English",
    volume    = "32",
    number    = "6",
    pages     = "39--381"
}
@article{zirkle,
    author    = "Zirkle, D.M. and Ellis, A.K.",
    title     = "Effects of Spaced Repteition on Long-Term Map Knowledge Recall",
    year      = "2010",
    journal   = "Journal of Geography",
    volume    = "109",
    number    = "5",
    pages     = "201--206",
    doi       = {10.1080/00221341.2010.504780}
}
@article{subramaniam,
    author    = "Subramaniam, K. and Esprivalo Harrell, P.",
    title     = "An analysis of Prospective Teachers' Knowledge for constructing concept maps",
    year      = "2015",
    journal   = "Educational research",
    volume    = "57",
    number    = "3",
    pages     = "217--236"
}
@article{hwang2,
    author    = "Hwang, G. and Wu, P. and Ke, H.",
    title     = "An interactive concept map approach to supporting mobile learning activities for natural science courses",
    year      = "2011",
    journal   = "Computers and Education",
    volume    = "57",
    pages     = "2272--2280",
    doi       = {10.1016/j.compedu.2011.06.011}
}
@article{ruiz1,
    author    = "Ruiz-Primo, M.A. and Shavelson, R.J.",
    title     = "Problems and Issues in the Use of Concept Maps in Science Assessment",
    year      = "1996",
    journal   = "Journal of Research in Science Teaching",
    volume    = "33",
    number    = "6",
    pages     = "569--600"
}
@article{karpicke,
    author    = "Karpicke, J.D. and Bauernschmidt, A.",
    title     = "Spaced Retrieval: Absolute Spacing Enhances Learning Regardless of Relative Spacing",
    year      = "2011",
    journal   = "Journal of Experimental Psychology: Learning, Memory, and Cognition",
    volume    = "37",
    number    = "5",
    pages     = "1250--1257",
    doi       = {10.1037/a0023436}
}
@article{karpicke4,
    author    = "Karpicke, J.D.",
    title     = "Retrieval-Based Learning: Active Retrieval Promotes Meaningful Learning",
    year      = "2012",
    journal   = "Current Directions in Psychological Science",
    volume    = "21",
    number    = "3",
    pages     = "157--163",
    doi       = {10.1177/0963721412443552}
}
@article{karpicke2,
    author    = "Karpicke, J.D. and Blunt, J.R.",
    title     = "Retrieval Practice Produces More Learning than Elaborative Studying with Concept Mapping",
    year      = "2011",
    journal   = "Science",
    volume    = "331",
    pages     = "772--775",
    doi       = {10.1126/science.1199327}
}
@article{ltwm,
    author    = "Ericsson, K.A. and Kintsch, W.",
    title     = "Long-Term Working Memory",
    year      = "1995",
    journal   = "Psychological Review",
    volume    = "102",
    number    = "2",
    pages     = "211--245",
    doi       = {10.1037/0033-295X.102.2.211}
}
@article{glaserfield,
    author    = "von Glaserfield, E.",
    title     = "Radical constructivism and teaching",
    year      = "2001",
    journal   = "Prospects",
    volume    = "31",
    number    = "2",
    pages     = "161--173",
    doi       = {10.1007/BF03220058}
}
@article{skillacquisition,
    author    = "Anderson, J.R.",
    title     = "Acquisition of cognitive skill",
    year      = "1982",
    journal   = "Psychological Review",
    volume    = "89",
    number    = "4",
    pages     = "369--406",
    doi       = {10.1037/0033-295X.89.4.369}
}
@article{krathwohl,
    author    = "Krathwohl, D.R.",
    title     = "A revision of Bloom's Taxonomy: an overview",
    year      = "2002",
    journal   = "Theory into practice",
    volume    = "41",
    number    = "4",
    pages     = "212--264"
}
@book{bloom,
    author    = "Bloom, B.S. and Engelhart, M.D. and Furst, E.J. and Hill, W.H. and Krathwohl, D.R.",
    title     = "Taxonomy of educational objectives: The classification of educational goals. Handbook I: Cognitive domain.",
    publisher = "David McKay Company",
    address   = "New York, NY",
    year      = "1956"
}
@article{eppler,
    author    = "Eppler, M.J.",
    title     = "A comparison between concept maps, mind maps, conceptual diagrams, and visual metaphors as complementary tools for knowledge construction and sharing",
    year      = "2006",
    journal   = "Information Visualization",
    volume    = "5",
    pages     = "202--210",
    doi       = {10.1057/palgrave.ivs.9500131}
}
@book{baarda,
    author    = "Baarda, D.B. and de Goede, M.P.M. and Teunissen, J.",
    title     = "Basisboek kwalitatief onderzoek: handleiding voor het opzetten en uitvoeren van kwalitatief onderzoek",
    publisher = "Noordhoff Uitgevers",
    address   = "Groningen/Houten",
    year      = "2009"
}
@article{golding,
    author    = "Golding, J.M. and Wasarhaley, N.E. and Fletcher, B.",
    title     = "The Use of Flashcards in an Introduction to Psychology Class",
    year      = "2012",
    journal   = "Teaching of Psychology",
    volume    = "39",
    number    = "3",
    pages     = "199--202",
    doi       = {10.1177/0098628312450436}
}
@article{burgess,
    author    = "Burgess, S.R. and Murray, A.B.",
    title     = "Use of traditional and smartphone app flashcards in an introductory psychology class",
    year      = "2014",
    journal   = "Journal of Instructional Pedagogies",
    volume    = "13",
    pages     = "1--7"
}
@article{joseph,
    author    = "Joseph, L. and Eveleigh, E. and Konrad, M. and Neef, N. and Volpe, R.",
    title     = "Comparison of the Efficiency of Two Flashcard Drill Methods on Children's Reading Performance",
    year      = "2012",
    journal   = "Journal of Applied School Psychology",
    volume    = "28",
    number    = "4",
    pages     = "317--337",
    doi       = {10.1080/15377903.2012.669742}
}
@article{nakata,
    author    = "Nakata, T.",
    title     = "Computer-assisted second language vocabulary learning in a paired-associate paradigm: a critical investigation of flashcard software",
    year      = "2011",
    journal   = "Computer Assisted Language Learning",
    volume    = "24",
    number    = "1",
    pages     = "17--38",
    doi       = {10.1080/09588221.2010.520675}
}
@article{nesbit2,
    author    = "Nesbit, J.C. and Adesope, O.O.",
    title     = "Learning With Concept and Knowledge Maps: A Meta-Analysis",
    year      = "2006",
    journal   = "Review of Educational Research",
    volume    = "76",
    number    = "3",
    pages     = "413--448",
    doi       = {10.3102/00346543076003413}
}
@article{singh,
    author    = "Singh, I.S. and Moono, K.",
    title     = "The Effect of using Concept Maps on Student Achievement in Selected Topics in Chemistry at Tertiary Level",
    year      = "2015",
    journal   = "Journal of Education and Practice",
    volume    = "6",
    number    = "15",
    pages     = "106--116"
}
@proceedings{canas,
    author    = "Canas, A.J. and Novak, J.D.",
    title     = "Freedom vs restriction of content and structure during concept mapping: possibilities and limitations for construction and assessment",
    year      = "2012"
}
@book{educationalphilosophy,
    author    = "Brameld, T.B.H.",
    title     = "Patterns of educational philosophy. Divergence and convergence in culturological perspective",
    publisher = "Holt, Rinehart and Winston, Inc.",
    year      = "1971",
    address   = "New York, NY"
}
@techreport{educationalphilosophy2,
    author    = "Ozmon, H.A. and Johnson, J.C.",
    title     = "Value implications in children's reading material",
    institution = "U.S. Department of Health, Education, and Welfare: Office of Education; Bureau of Research",
    year      = "1967"
}
@article{educationalphilosophy3,
    author    = "Yilmaz, K. and Altinkurt, Y. and Cokluk, O.",
    title     = "Developing the Educational Belief Scale: The Validity and Reliability Study",
    year      = "2011",
    journal   = "Educational Sciences: Theory and Practice",
    volume    = "11",
    number    = "1",
    pages     = "343--350"
}
@book{educationalphilosophy4,
    author    = "Howick, W. H.",
    title     = "Philosophies of Western Education",
    publisher = "Interstate Printers \& Publishers",
    year      = "1971",
    address   = "Danville, Ill"
}
@book{educationalphilosophy5,
    author    = "Apps, J.W.",
    title     = "Toward an working philosophy of adult education",
    publisher = "Publications in continuing education",
    year      = "1973",
    address   = "New York, NY"
}
@book{curriculumtheory,
    author    = "Marsh, C.J. and Willis, G.",
    title     = "Curriculum. Alternative Approaches, Ongoing Issues",
    publisher = "Prentice-Hall",
    edition   = "2nd",
    year      = "1999",
    address   = "Upper Saddle River, NJ"
}
@book{wisdomknowledge,
    author    = "Plato's Meno",
    title     = "Stevenson, DC",
    publisher = "The Internet Classics Archive",
    year      = "2000"
}
@book{searchgreeks,
    author    = "Renshaw, J.",
    title     = "In search of the Greeks",
    publisher = "A\&C Black",
    year      = "2008",
    address   = "Columbia MD"
}
@mastersthesis{honours,
    author    = "Stokes, K.L.",
    title     = "The Impact of the Factory Model of Education in Central Texas",
    school    = "Baylor University",
    year      = "2013"
}
@article{amnesia,
    author    = "White, A.M.",
    title     = "What happened? Alcohol, Memory Blackouts and the Brain",
    year      = "2003",
    journal   = "Alcohol research and health",
    volume    = "27",
    number    = "2",
    pages     = "186--196",
    doi       = {10.3390/ijerph6112783}
}
@book{cognitivepsychology,
    author    = "Anderson, J.R.",
    title     = "Cognitive psychology and its implications",
    publisher = "Worth publishers",
    edition   = "8",
    year      = "2015",
    address   = "New York, NY"
}
@inbook{modalmemory,
    author  = "Atkinson, R.C. and Shiffrin, R.M.",
    editor  = "Spence, K.W.",
    title   = "The Psychology of Learning and Motivation: Advances in Research and Theory",
    chapter = "Human memory: A proposed system and its control processes",
    pages   = "89--195",
    publisher = "Academic Press",
    address = "New York",
    year    = "1968",
}
@article{longtermpotentiation,
    author  = "Bliss, T.V.P. and Collingridge, G.L.",
    title   = "A synaptic model of memory: long-term potentiation in the hippocampus",
    year    = "1993",
    journal = "Nature",
    volume  = "361",
    pages   = "31--39",
    doi     = {10.1038/361031a0}
}
@article{wahlheim,
    author  = "Wahlheim, C.N. and Maddox, G.B. and Jacoby, L.L.",
    title   = "The Role of Reminding in the Effects of Spaced Repetitions on Cued Recall: Sufficient but not Necessary",
    year    = "2014",
    journal = "Journal of Experimental Psychology: Learning, Memory, and Cognition",
    volume  = "40",
    number  = "1",
    pages   = "94--105",
    doi     = {10.1037/a0034055}
}
@article{barnes,
    author  = "Barnes, C.A.",
    title   = "Memory deficits associated with senescence: A neurophysiological and behavioral study in the rat",
    year    = "1979",
    journal = "Journal of Comparative Physiology",
    volume  = "43",
    pages   = "74--104"
}
@article{activationbasedmodel,
    author  = "Pavlik, I.P. and Anderson, J.R.",
    title   = "Practice and forgetting effects on vocabulary memory: an activation-based model of the spacing effect",
    year    = "2005",
    journal = "Cognitive Science",
    volume  = "29",
    number  = "4",
    pages   = "559--586",
    doi     = {10.1207/s15516709cog0000_14}
}
@article{roediger,
    author  = "Roediger, H.L.",
    title   = "Memory metaphors in cognitive psychology",
    year    = "1980",
    journal = "Memory \& Cognition",
    volume  = "8",
    number  = "3",
    pages   = "231--246",
    doi     = {10.3758/BF03197611}
}
@article{kintsch,
    author  = "Kintsch, W. and Welsch, D.M., and Schmalhofer, F. and Zimny, S.",
    title   = "Sentence memory: A theoretical analysis",
    year    = "1990",
    journal = "Journal of Memory and Language",
    volume  = "29",
    pages   = "133--159"
}
@incollection{nelson,
  address = {Hillsdale, NJ},
  author = {Nelson, D. L.},
  booktitle = {Levels of Processing in Human Memory},
  description = {CCNLab BibTeX},
  editor = {Cermak, L. S. and Craik, F. I. M.},
  keywords = {CCP JRR,},
  pages = {45-76},
  publisher = {Lawrence Erlbaum Associates},
  title = {Remembering pictures and words: Appearance, significance, and name},
  year = 1979
}
@article{craik,
    author  = "Craik, Fergus I. and Lockhart, Robert S.",
    title   = "Levels of processing: A framework for memory research",
    year    = "1972",
    journal = "Journal of Verbal Learning \& Verbal Behavior",
    volume  = "11",
    number  = "6",
    pages   = "671--684",
    doi     = {10.1016/S0022-5371(72)80001-X}
}
@article{interference,
    author  = "Anderson, J.R.",
    title   = "Retrieval of propositional information from long-term memory",
    year    = "1974",
    journal = "Cognitive Psychology",
    volume  = "6",
    number  = "4",
    pages   = "451--474",
    doi     = {10.1016/0010-0285(74)90021-8}
}
@misc{website:neuron,
    author  = "Matsaridis, G.K.",
    title   = "Neuroscience for beginners v2.0: Lesson 2 - The materialistic mind - your brain's ingredients",
    month   = "April",
    year    = "2013",
    url     = "http://neuroscientist.weebly.com/blog/lesson-2-the-materialistic-mind-your-brains-ingredients",
    note    = "Retrieved September 9, 2016"
}
@article{wickelgren,
    author  = "Wickelgren, W.A.",
    title   = "Single-trace fragility theory of memory dynamics",
    year    = "1974",
    journal = "Memory \& Cognition",
    volume  = "2",
    pages   = "775--780",
    doi     = {10.3758/BF03198154}
}
@article{wixted,
    author  = "Wixted, J.T. and Carpenter, S.K.",
    title   = "The Wickelgren power law and the Ebbinghaus savings function",
    year    = "2007",
    journal = "Psychological Science",
    volume  = "18",
    number  = "2",
    pages   = "133--134",
    doi     = {10.1111/j.1467-9280.2007.01862.x}
}
@article{raymond,
    author  = "Raymond, C.R. and Redman, S.J.",
    title   = "Spatial segregation of neuronal calcium signals encodes different forms of LTP in rat hippocampus",
    year    = "2006",
    journal = "Journal of Physiology",
    volume  = "570",
    pages   = "97--111",
    doi     = {10.1113/jphysiol.2005.098947}
}
@inbook{powerlaw1,
    author  = "Newell, A. and Rosenbloom, P.S.",
    title   = "Mechanisms of skill acquisition and the law of practice",
    year    = "1981",
    journal = "Cognitive skills and their acquisition",
    volume  = "1",
    pages   = "1--55",
}
@article{powerlaw2,
    author  = "Anderson, R.B.",
    title   = "The power law as an emergent property",
    year    = "2001",
    journal = "Memory \& Cognition",
    volume  = "7",
    pages   = "1061--1068",
    doi     = {10.3758/BF03195767}
}
@article{powerlaw3,
    author  = "Wixted, J.T. and Ebessen, E.B.",
    title   = "On the form of forgetting",
    year    = "1991",
    journal = "Psychological Science",
    volume  = "2",
    number  = "6",
    pages   = "409--415",
    doi     = {10.1111/j.1467-9280.1991.tb00175.x}
}
@article{murre,
    author  = "Murre, J.M.J. and Chessa, A.G.",
    title   = "Power laws from individual differences in learning and forgetting: mathematical analyses",
    year    = "2011",
    journal = "Psychonomic bulletin \& review",
    volume  = "18",
    number  = "3",
    pages   = "592--597",
    doi     = {10.3758/s13423-011-0076-y}
}
@article{rohrer,
    author  = "Rohrer, D. and Taylor, K. and Pashler, H., and Wixted, J.T. and Cepeda, N.J.",
    title   = "The effect of overlearning on long-term retention",
    year    = "2005",
    journal = "Applied Cognitive Psychology",
    volume  = "19",
    pages   = "361--374",
    doi     = {10.1002/acp.1266}
}
@book{squire,
    author  = "Squire, L.R.",
    title   = "Memory and brain",
    publisher = "Oxford university press",
    year    = "1987",
    address = "New York, NY"
}
@article{glasersfeld,
    author  = "von Glasersfeld, E.",
    title   = "Radical constructivism and teaching",
    year    = "2001",
    journal = "Prospects",
    volume  = "31",
    number  = "2",
    pages   = "161--173",
    doi     = {10.1007/BF03220058}
}
@book{instructionaldesign,
    author  = "Smith, P.L. and Ragan, T.J.",
    title   = "Instructional design",
    publisher = "John Wiley \& Sons, Inc.",
    year    = "2005",
    address = "Westford, MA",
    edition = "3rd"
}
@article{chien,
    author  = "Chien, C.W.",
    title   = "Analysis the Effectiveness of Three Online Vocabulary Flashcard Websites on L2 Learners' Level of Lexical Knowledge",
    year    = "2015",
    journal = "English Language Teaching",
    volume  = "8",
    number  = "5",
    pages   = "111--121",
    doi     = {10.5539/elt.v8n5p111}
}
@book{learninginstruction,
    author  = "Mayer, R.E.",
    title   = "Learning and instruction",
    publisher = "Pearson Education",
    year    = "2008",
    address = "Upper Saddle River, NJ",
    edition = "2nd"
}
@article{macquarrie,
    author  = "Macquarrie, L.L. and Tucker, J.A. and Burns, M.K. and Hartman, B.",
    title   = "Comparison of retention rates using traditional, drill sandwich, and incremental rehearsal flash card methods",
    year    = "2002",
    journal = "School psychology review",
    volume  = "31",
    number  = "4",
    pages   = "584--595"
}
@article{articletemplate,
    author  = "",
    title   = "",
    year    = "",
    journal = "",
    volume  = "",
    number  = "",
    pages   = "",
    doi     = {}
}
